%% Created using Papers on Thu, 08 May 2014.
%% http://papersapp.com/papers/

@article{Cook:2004tt,
author = {Cook, Matthew},
title = {{Universality in elementary cellular automata}},
journal = {Complex Systems},
year = {2004},
volume = {15},
number = {1},
pages = {1--40}
}

@article{Weissman:2009dh,
author = {Weissman, Daniel B and Desai, Michael M and Fisher, Daniel S and Feldman, Marcus W},
title = {{The rate at which asexual populations cross fitness valleys.}},
journal = {Theor Popul Biol},
year = {2009},
volume = {75},
number = {4},
pages = {286--300},
month = jun
}

@article{Deutsch:1999wh,
author = {Deutsch, A},
title = {{Principles of biological pattern formation: swarming and aggregation viewed as selforganization phenomena}},
journal = {Journal of biosciences},
year = {1999}
}

@incollection{Ostman:2014be,
author = {Ostman, Bj{\o}rn and Adami, Christoph},
title = {{Predicting Evolution and Visualizing High-Dimensional Fitness Landscapes}},
booktitle = {Emergence, Complexity and Computation},
year = {2014},
editor = {Richter, Hendrik and Engelbrecht, Andries},
pages = {509--526--526},
publisher = {Springer Berlin Heidelberg},
address = {Berlin, Heidelberg}
}

@article{Lobkovsky:2011hu,
author = {Lobkovsky, Alexander E and Wolf, Yuri I and Koonin, Eugene V},
title = {{Predictability of Evolutionary Trajectories in Fitness Landscapes}},
journal = {PLoS Comput Biol},
year = {2011},
volume = {7},
number = {12},
pages = {e1002302},
month = dec
}

@article{Neary:2006ty,
author = {Neary, T and Woods, D},
title = {{P-completeness of cellular automaton Rule 110}},
journal = {Automata},
year = {2006}
}

@article{Ostman:2012iq,
author = {Ostman, Bj{\o}rn and Hintze, Arend and Adami, Christoph},
title = {{Impact of epistasis and pleiotropy on evolutionary adaptation.}},
journal = {Proc. Biol. Sci.},
year = {2012},
volume = {279},
number = {1727},
pages = {247--256},
month = jan
}

@article{Ermentrout:1993ky,
author = {Ermentrout, G B and Edelstein-Keshet, L},
title = {{Cellular automata approaches to biological modeling.}},
journal = {J. Theor. Biol.},
year = {1993},
volume = {160},
number = {1},
pages = {97--133},
month = jan
}

@article{Clyde:2003fy,
author = {Clyde, Dorothy E and Corado, Maria S G and Wu, Xuelin and Par{\'e}, Adam and Papatsenko, Dmitri and Small, Stephen},
title = {{A self-organizing system of repressor gradients establishes segmental complexity in Drosophila.}},
journal = {Nature},
year = {2003},
volume = {426},
number = {6968},
pages = {849--853},
month = dec
}

@book{Wolfram:2002wq,
author = {Wolfram, Stephen},
title = {{A New Kind of Science}},
publisher = {Wolfram Media Inc},
year = {2002},
month = jan
}

